@article{Ackley,
author = {Ackley, David H. and Hinton, Geoffrey E. and Sejnowski, Terrence J.},
title = {A Learning Algorithm for Boltzmann Machines*},
journal = {Cognitive Science},
volume = {9},
number = {1},
pages = {147-169},
doi = {10.1207/s15516709cog0901\_7},
url = {https://onlinelibrary.wiley.com/doi/abs/10.1207/s15516709cog0901_7},
eprint = {https://onlinelibrary.wiley.com/doi/pdf/10.1207/s15516709cog0901_7},
year = {1985}
}

@ARTICLE{Ising,
       author = {{Ising}, Ernst},
        title = "{Beitrag zur Theorie des Ferromagnetismus}",
      journal = {Zeitschrift fur Physik},
         year = 1925,
        month = feb,
       volume = {31},
       number = {1},
        pages = {253-258},
          doi = {10.1007/BF02980577},
       adsurl = {https://ui.adsabs.harvard.edu/abs/1925ZPhy...31..253I},
      adsnote = {Provided by the SAO/NASA Astrophysics Data System}
}

@article{Metropolis,
author = {Metropolis,Nicholas  and Rosenbluth,Arianna W.  and Rosenbluth,Marshall N.  and Teller,Augusta H.  and Teller,Edward },
title = {Equation of State Calculations by Fast Computing Machines},
journal = {The Journal of Chemical Physics},
volume = {21},
number = {6},
pages = {1087-1092},
year = {1953},
doi = {10.1063/1.1699114},
URL = {https://doi.org/10.1063/1.1699114},
eprint = {https://doi.org/10.1063/1.1699114}
}
